@article{lurmodels,
    title={A review and evaluation of intraurban air pollution exposure models},
    authors={M. Jerrett, A. Arain, P. Kanaroglou, B. Beckerman, D. Potoglou, T.Sahsuvaroglu, J. Morrison, C. Giovis},
    journal={Exposure Science and Environmental Epidemiology 15},
    year={2005},
    pages={185-204}
}

@article{meteo-influence-pm,
    title={Influence of meteorology on PM10 trends and variability in Switzerland from 1991 to 2008},
    authors={I. Barmpadimos, C. Hueglin, J. Keller, S. Henne, A. Prévôt},
    journal={Atmospheric Chemistry and Physics 11},
    year={2011},
    pages={1813-1835}
}

@article{air-quality-evaluation,
    title={Air quality model performance evaluation},
    authors={J. Chang, S. Hannât},
    journal={Meteorology and Atmospheric Physics 87},
    year={2004},
    pages={167-196}
}

@book{mitchell,
    title = {Machine learning},
    author = {Tom Mitchell},
    year = {1997},
    chapter = {1.1}
}

@book{master_algo,
    title = {The Master Algorithm},
    author = {Pedro Domingues},
    year = {2015}
}

@article{Rosenblatt1958ThePA,
  title={The perceptron: a probabilistic model for information storage and organization in the brain.},
  author={Frank F. Rosenblatt},
  journal={Psychological review},
  year={1958},
  volume={65 6},
  pages={
          386-408
        }
}

@article{Deriving-High-Res-Maps,
    title={Deriving High-Resolution Urban Air Pollution Maps Using Mobile Sensor Nodes},
    author={David Hasenfratz et al.},
    journal={Pervasive and Mobile Computing},
    year={2015},
    pages={3-7}
}

%------------------------------------%

@online{Ital-IA,
    title = "Ital-IA, Convegno Nazionale CINI sull'Intelligenza Artificiale",
    url  = "http://www.ital-ia.it/",
}

@online{opensense,
    title = "OpenSense – TEC - Computer Engineering Group | ETH Zurich",
    url  = "https://tec.ee.ethz.ch/research/networked-embedded-systems/opensense.html",
}

@online{ipcc-fifth,
    title = "IPCC Fifth Assessment Report",
    url  = "https://www.ipcc.ch/assessment-report/ar5/",
}

@online{pandas,
    title = "Python Data Analysis Library GitHub repository",
    url  = "https://github.com/pandas-dev/pandas",
}
@online{pandas-aggregation,
    title = "Pandas aggregation mechanisms",
    url = "https://pandas.pydata.org/pandas-docs/stable/reference/api/pandas.DataFrame.aggregate.html"
}
@online{mongodb,
    title = "MongoDB, The database for modern applications",
    url  = "https://www.mongodb.com/",
}
@online{mongodb-geowithin,
    title = "MongoDB, \$geoWithin operator",
    url  = "https://docs.mongodb.com/manual/reference/operator/query/geoWithin/",
}

@online{plot,
    title = "Matplotlib: Python Plotting",
    url  = "https://matplotlib.org/",
}

@online{pytorch-home,
    title = "PyTorch, open source machine learning framework",
    url  = "https://pytorch.org",
}

@online{pytorch-autograd,
    title = "Autograd: automatic differentiation",
    url = "https://pytorch.org/tutorials/beginner/blitz/autograd_tutorial.html",
}

@online{opencv-docs,
    title = "OpenCV documentation",
    url = "https://docs.opencv.org/master/d1/dfb/intro.html"
}

@online{adam,
    title = "Adam: A Method for Stochastic Optimization",
    url  = "https://arxiv.org/abs/1412.6980"
}
@online{icml,
    title = "ICML: International Conference on Machine Learning",
    url  = "https://icml.cc/"
}
@book{Goodfellow1,
    title={Deep Learning},
    author={Ian Goodfellow and Yoshua Bengio and Aaron Courville},
    publisher={MIT Press},
    note={\url{http://www.deeplearningbook.org}},
    year={2016},
    chapter = "9"
}

@inproceedings{lecun-bengio-95a,
    original = "orig/lecun-bengio-95a.ps.gz",
    author = "LeCun, Y. and Bengio, Y.",
    title = "Convolutional Networks for Images, Speech, and Time-Series",
    booktitle = "The Handbook of Brain Theory and Neural Networks",
    year = "1995",
    editor = "Arbib, M. A.",
    publisher = "MIT Press",
}

@book{Goodfellow4,
    title={Deep Learning},
    author={Ian Goodfellow and Yoshua Bengio and Aaron Courville},
    publisher={MIT Press},
    note={\url{http://www.deeplearningbook.org}},
    year={2016},
    chapter = "6"
}

@article{hanna1,
    title="Air quality model performance evaluation",
    journal="Meteorology and Atmospheric Physics",
    year="2004",
    month="Sep",
    day="01",
    volume="87",
    number="1",
    pages="172,174",
    doi="10.1007/s00703-003-0070-7",
    url="https://doi.org/10.1007/s00703-003-0070-7"
}

@InProceedings{relu,
  title = 	 {Deep Sparse Rectifier Neural Networks},
  author = 	 {Xavier Glorot and Antoine Bordes and Yoshua Bengio},
  booktitle = 	 {Proceedings of the Fourteenth International Conference on Artificial Intelligence and Statistics},
  pages = 	 {315--323},
  year = 	 {2011},
  editor = 	 {Geoffrey Gordon and David Dunson and Miroslav Dudík},
  volume = 	 {15},
  series = 	 {Proceedings of Machine Learning Research},
  month = 	 {11--13 Apr},
  publisher = 	 {PMLR},
  pdf = 	 {http://proceedings.mlr.press/v15/glorot11a/glorot11a.pdf},
  url = 	 {http://proceedings.mlr.press/v15/glorot11a.html}
}

%-------------------- BIB APPENDICE -------------------- %
